@online{site:agile-manifesto,
    title   = {[01] Manifesto Agile},
    url     = {http://agilemanifesto.org/iso/it/}
}

@online{site:s3-platform,
    title   = {[02] Smart Specialisation Platform},
    url     = {http://s3platform.jrc.ec.europa.eu/home}
}

@online{site:sss-presentation,
    title   = {[03] Smart Specialization Strategy - presentazione a cura di Frédéric Miribel, presentato durante l'ottavo TCI Latin American Cluster},
    url     = {https://www.slideshare.net/TCINetwork/8-clac-18-junefrederic-miribel}
}

@online{site:teamgantt,
    title   = {[04] WebApp TeamGantt},
    url     = {https://app.teamgantt.com}
}

@online{site:fritzing,
    title   = {[05] Fritzing},
    url     = {http://fritzing.org/}
}

@online{site:labkey,
    title   = {[06] Controllo di gestione accessi 4.0 - Progetto LabKey},
    url     = {https://www.labkey.it}
}

@online{site:wiki-hash,
    title   = {[07] Wikipedia - Hash},
    url     = {https://it.wikipedia.org/wiki/Hash}
}

@online{site:wiki-api,
    title   = {[08] Wikipedia - Application programming interface},
    url     = {https://it.wikipedia.org/wiki/Application_programming_interface}
}

@online{site:wiki-uml,
    title   = {[09] Wikipedia - Unified Modeling Language},
    url     = {https://it.wikipedia.org/wiki/Unified_Modeling_Language}
}

@online{site:wiki-counseling,
    title   = {[10] Wikipedia - Counseling},
    url     = {https://it.wikipedia.org/wiki/Counseling}
}

@online{site:wiki-workshop,
    title   = {[11] Wikipedia - Workshop},
    url     = {}
}

@online{site:wiki-bigd,
    title   = {[12] Wikipedia - Big Data},
    url     = {https://it.wikipedia.org/wiki/Big_data}
}

@online{site:wiki-iot,
    title   = {[13] Wikipedia - Internet delle cose},
    url     = {https://it.wikipedia.org/wiki/Internet_delle_cose}
}

@online{site:wiki-arduino,
    title   = {[14] Wikipedia - Arduino},
    url     = {https://it.wikipedia.org/wiki/Arduino_(hardware)}
}

@online{site:wiki-rpi,
    title   = {[15] Wikipedia - Raspberry Pi},
    url     = {https://it.wikipedia.org/wiki/Raspberry_Pi}
}

@online{site:wiki-fablab,
    title   = {[16] Wikipedia - FabLab},
    url     = {https://it.wikipedia.org/wiki/Fab_lab}
}

@online{site:wiki-nfc,
    title   = {[17] Wikipedia - Near Field Communication},
    url     = {https://it.wikipedia.org/wiki/Near_Field_Communication}
}

@online{site:wiki-swot,
    title   = {[18] Wikipedia - Analisi SWOT},
    url     = {https://it.wikipedia.org/wiki/Analisi_SWOT}
}